<?xml version="1.0" encoding="UTF-8"?><record xmlns="http://www.loc.gov/MARC21/slim" xmlns:cinclude="http://apache.org/cocoon/include/1.0" xmlns:zs="http://www.loc.gov/zing/srw/">
  <leader>00392cz  a2200133n  4500</leader>
  <controlfield tag="001">n  83121869 </controlfield>
  <controlfield tag="003">DLC</controlfield>
  <controlfield tag="005">20081213080437.0</controlfield>
  <controlfield tag="008">831227n| acannaabn          |n aaa      </controlfield>
  <datafield tag="010" ind1=" " ind2=" ">
    <subfield code="a">n  83121869 </subfield>
  </datafield>
  <datafield tag="035" ind1=" " ind2=" ">
    <subfield code="a">(OCoLC)oca00957756</subfield>
  </datafield>
  <datafield tag="040" ind1=" " ind2=" ">
    <subfield code="a">DLC</subfield>
    <subfield code="b">eng</subfield>
    <subfield code="c">DLC</subfield>
    <subfield code="d">OCoLC</subfield>
  </datafield>
  <datafield tag="100" ind1="1" ind2=" ">
    <subfield code="a">Moore, Dorothy Wood</subfield>
  </datafield>
  <datafield tag="670" ind1=" " ind2=" ">
    <subfield code="a">Her County court minutes A, Hunt County, Texas, c1983- :</subfield>
    <subfield code="b">v. 1, fwd. (Dorothy Wood Moore)</subfield>
  </datafield>
</record>